<?xml version="1.0" encoding="UTF-8"?>
<marc:collection xmlns:marc="http://www.loc.gov/MARC21/slim" xmlns:xsi="http://www.w3.org/2001/XMLSchema-instance" xsi:schemaLocation="http://www.loc.gov/MARC21/slim http://www.loc.gov/standards/marcxml/schema/MARC21slim.xsd">
   <marc:record type="Bibliographic">
      <marc:leader>01310cam a22003015  4500</marc:leader>
      <marc:controlfield tag="001">1687562</marc:controlfield>
      <marc:controlfield tag="003">NjP</marc:controlfield>
      <marc:controlfield tag="005">20170301175555.0</marc:controlfield>
      <marc:controlfield tag="008">991129s1959    ir            000 0 ara d</marc:controlfield>
      <marc:datafield tag="024" ind1="7" ind2=" ">
         <marc:subfield code="a">princeton_aco001398</marc:subfield>
         <marc:subfield code="2">local</marc:subfield>
      </marc:datafield>
      <marc:datafield tag="035" ind1=" " ind2=" ">
         <marc:subfield code="a">(OCoLC)ocn177918080</marc:subfield>
      </marc:datafield>
      <marc:datafield tag="035" ind1=" " ind2=" ">
         <marc:subfield code="a">(OCoLC)ocm42896237</marc:subfield>
      </marc:datafield>
      <marc:datafield tag="040" ind1=" " ind2=" ">
         <marc:subfield code="a">PUL</marc:subfield>
         <marc:subfield code="c">PUL</marc:subfield>
         <marc:subfield code="d">PUL</marc:subfield>
      </marc:datafield>
      <marc:datafield tag="035" ind1=" " ind2=" ">
         <marc:subfield code="a">(OCoLC)177918080</marc:subfield>
      </marc:datafield>
      <marc:datafield tag="035" ind1=" " ind2=" ">
         <marc:subfield code="9">CFL0939TS</marc:subfield>
      </marc:datafield>
      <marc:datafield tag="035" ind1=" " ind2=" ">
         <marc:subfield code="a">(NjP)1687562</marc:subfield>
      </marc:datafield>
      <marc:datafield tag="079" ind1=" " ind2=" ">
         <marc:subfield code="a">ocm42896237</marc:subfield>
      </marc:datafield>
      <marc:datafield tag="049" ind1=" " ind2=" ">
         <marc:subfield code="a">PULL</marc:subfield>
      </marc:datafield>
      <marc:datafield tag="100" ind1="1" ind2=" ">
         <marc:subfield code="6">880-01</marc:subfield>
         <marc:subfield code="a">Ibn al-Murtaḍá, Aḥmad ibn Yaḥyá,</marc:subfield>
         <marc:subfield code="d">1363-1437.</marc:subfield>
         <marc:subfield code="0">http://id.loc.gov/authorities/names/n84077364</marc:subfield>
      </marc:datafield>
      <marc:datafield tag="245" ind1="0" ind2="3">
         <marc:subfield code="6">880-02</marc:subfield>
         <marc:subfield code="a">al-Milal wa-al-niḥal min ajzāʼ kitāb al-Baḥr al-zakhkhār al-jāmiʻ limadhāhib ʻulamāʼ al-amṣār.</marc:subfield>
         <marc:subfield code="c">Ṣaḥḥaḥahu wa-ʻallaqa ḥawāshīhi Muhammad Jawād Mashkūr.</marc:subfield>
      </marc:datafield>
      <marc:datafield tag="260" ind1=" " ind2=" ">
         <marc:subfield code="6">880-03</marc:subfield>
         <marc:subfield code="a">Tabrīz,</marc:subfield>
         <marc:subfield code="b">Chāpkhāneh-yi Shafīq,</marc:subfield>
         <marc:subfield code="c">1959.</marc:subfield>
      </marc:datafield>
      <marc:datafield tag="300" ind1=" " ind2=" ">
         <marc:subfield code="a">30 p.</marc:subfield>
         <marc:subfield code="c">24 cm.</marc:subfield>
      </marc:datafield>
      <marc:datafield tag="546" ind1=" " ind2=" ">
         <marc:subfield code="a">In Arabic.</marc:subfield>
      </marc:datafield>
      <marc:datafield tag="880" ind1="1" ind2=" ">
         <marc:subfield code="6">100-01/r</marc:subfield>
         <marc:subfield code="a">ابن المرتضى، احمد بن يحيى،</marc:subfield>
         <marc:subfield code="d">1363-1437.</marc:subfield>
      </marc:datafield>
      <marc:datafield tag="880" ind1="0" ind2="2">
         <marc:subfield code="6">245-02/r</marc:subfield>
         <marc:subfield code="a">الملل والنحل من اجزاء كتاب البحر الزخار الجامع لمذاهب علماء الامصار.</marc:subfield>
         <marc:subfield code="c">صححه وعلق حواشيه مهمد جواد مشكور.</marc:subfield>
      </marc:datafield>
      <marc:datafield tag="880" ind1=" " ind2=" ">
         <marc:subfield code="6">260-03/r</marc:subfield>
         <marc:subfield code="a">تبريز،</marc:subfield>
         <marc:subfield code="b">چاپخانهي شفيق،</marc:subfield>
         <marc:subfield code="c">1959.</marc:subfield>
      </marc:datafield>
      <marc:datafield tag="947" ind1=" " ind2=" ">
         <marc:subfield code="a">CFL0939</marc:subfield>
      </marc:datafield>
      <marc:datafield tag="911" ind1=" " ind2=" ">
         <marc:subfield code="a">20000220</marc:subfield>
      </marc:datafield>
      <marc:datafield tag="994" ind1=" " ind2=" ">
         <marc:subfield code="a">C0</marc:subfield>
         <marc:subfield code="b">PUL</marc:subfield>
      </marc:datafield>
      <marc:datafield tag="999" ind1=" " ind2=" ">
         <marc:subfield code="a">1687562</marc:subfield>
      </marc:datafield>
   </marc:record>
</marc:collection>
